@misc{apnews_ai_npc,
  author       = {{Associated Press}},
  title        = {AI is changing the way video game characters think and interact. What could go wrong?},
  year         = {2024},
  howpublished = {\url{https://apnews.com/article/ai-artificial-intelligence-video-games-npc-c1327bb9130136d0a5f658f44176c5e7}},
}

@misc{medium_witcher3_ai,
  author       = {Zhang, Tianfei},
  title        = {AI for Open Worlds: A Deep Dive into The Witcher 3â€™s Living Ecosystem},
  year         = {2023},
  howpublished = {\url{https://medium.com/@zhangtianfei/ai-for-open-worlds-a-deep-dive-into-the-witcher-3s-living-ecosystem-5036580e354c}},
}

@misc{aiandgames_horizon,
  author       = {Mark, Tommy Thompson},
  title        = {The AI of Horizon Zero Dawn},
  year         = {2021},
  howpublished = {\url{https://www.aiandgames.com/p/the-ai-of-horizon-zero-dawn}},
}

@misc{fpgainsights_adaptive_ai,
  author       = {{FPGA Insights}},
  title        = {AI in Gaming: Creating Adaptive and Intelligent Experiences},
  year         = {2023},
  howpublished = {\url{https://fpgainsights.com/artificial-intelligence/ai-in-gaming-creating-adaptive-and-intelligent/}},
}

@book{mitchell1997machine,
  author    = {Tom M. Mitchell},
  title     = {Machine Learning},
  year      = {1997},
  publisher = {McGraw-Hill},
  url       = {https://www.cs.cmu.edu/~tom/files/MachineLearningTomMitchell.pdf},
}

@book{sutton2018reinforcement,
  author    = {Richard S. Sutton and Andrew G. Barto},
  title     = {Reinforcement Learning: An Introduction},
  edition   = {2nd},
  year      = {2018},
  publisher = {MIT Press},
  url       = {https://web.stanford.edu/class/psych209/Readings/SuttonBartoIPRLBook2ndEd.pdf},
}

@misc{mathworks_rl,
  author       = {{MathWorks}},
  title        = {What Is Reinforcement Learning?},
  year         = {n.d.},
  url          = {https://www.mathworks.com/help/reinforcement-learning/ug/what-is-reinforcement-learning.html}
}

@misc{datacamp_q_learning,
  author       = {{DataCamp}},
  title        = {An Introduction to Q-Learning: A Tutorial For Beginners},
  year         = {2022},
  howpublished = {\url{https://www.datacamp.com/tutorial/introduction-q-learning-beginner-tutorial}},
}

@misc{pytorch_dqn_tutorial,
  author       = {{PyTorch}},
  title        = {Reinforcement Learning (DQN) Tutorial},
  year         = {2024},
  howpublished = {\url{https://pytorch.org/tutorials/intermediate/reinforcement_q_learning.html}},
}

@misc{PGA,
  author       = {Lilian Weng},
  title        = {Policy Gradient Algorithms},
  year         = {2018},
  howpublished = {\url{https://lilianweng.github.io/posts/2018-04-08-policy-gradient/}},
}

@misc{datacamp_ppo_tutorial,
  author       = {{DataCamp}},
  title        = {Proximal Policy Optimization with PyTorch and Gymnasium},
  year         = {2025},
  howpublished = {\url{https://www.datacamp.com/tutorial/proximal-policy-optimization}},
  note         = {Accessed: 2025-05-08}
}

@misc{mlagents_docs,
  author    = {{Unity Technologies}},
  title     = {ML-Agents Toolkit Documentation},
  year      = {2024},
  url       = {https://unity-technologies.github.io/ml-agents/}
}

@misc{playtesting,
  author    = {Sriram, Vignesh},
  title     = {Automated Playtesting in 2D Platformers Using Deep Reinforcement Learning and Curriculum Learning},
  year      = {2019},
  howpublished = {\url{https://github.com/sriramr/AutoPlayRL}}
}

@misc{platformer_ai,
  author    = {Persson, Andreas},
  title     = {AI Techniques in 2D Platformers: Pathfinding, Image Recognition, and Line of Sight},
  year      = {2005},
  howpublished = {\url{https://www.gamedev.net/tutorials/programming/artificial-intelligence/ai-techniques-for-2d-platformers-r3002/}}
}

@misc{physics_pathfinding,
  author    = {Smith, Thomas},
  title     = {Physics-Based Pathfinding in Platformer AI: Using A* and Platform Graphs for Navigation},
  year      = {2021},
  howpublished = {\url{https://towardsdatascience.com/physics-based-pathfinding-in-2d-platformer-games-c5c6ecaa7f4f}}
}





